@FOOTNOTE{Note1,key="Note1",note="\ignorespaces \protect \textsf  {FiXme} Note: List if necesary"}
