@inproceedings{RefWorks:23,
	author={J. Martinez and H. Perez and E. Escamilla and M. M. Suzuki},
	year={2012},
	title={Speaker recognition using Mel frequency Cepstral Coefficients (MFCC) and Vector 	quantization (VQ) techniques},
	booktitle={Electrical Communications and Computers (CONIELECOMP), 2012 22nd 			 	International Conference on},
	pages={248-251},
	note={ID: 1}
}

@inproceedings{RefWorks:22,
	author={F. Soong and A. Rosenberg and L. Rabiner and B. -H Juang},
	year={1985},
	title={A vector quantization approach to speaker recognition},
	booktitle={Acoustics, Speech, and Signal Processing, IEEE International Conference on 		 	ICASSP '85.},
	volume={10},
	pages={387-390},
	note={ID: 2}
}

@book{bishop2007,
	author = {Bishop, Christopher M.},
	edition = 1,
	isbn = {0387310738},
	publisher = {Springer},
	title = {Pattern Recognition and Machine Learning},
	year = 2007
}

@inbook{Springer:36,
	author = {A. E. Rosenberg, F. Bimbot, S. Parthasarathy},
	title = {Overview of Speaker Recognition},
	booktitle = {Springer Handbook of Speech Processing},
	date = {2008},
	OPTpublisher = {Springer-Verlag},
	OPTlocation = {location},
	OPTisbn = {978-3-540-49125-5},
	OPTchapter = {36},
}

@unpublished{DataSet,
	author = {Christoffer Mose, Simon L. Madsen, Jacob Harp√∏th Hansen },
	title = {Non linear signal processing in speech recognition},
	date = {2014},
}



